<?xml version="1.0" encoding="UTF-8"?><collection xmlns="http://www.loc.gov/MARC21/slim"><record><leader>00556nam--2200133-i-4500</leader><controlfield tag="001">000025589</controlfield><controlfield tag="002">20161230</controlfield><controlfield tag="005">20161230201036</controlfield><controlfield tag="008">060222s1000------------r-----000-0-eng-d</controlfield><datafield ind1=" " ind2=" " tag="080"><subfield code="a">681.324(061.3)</subfield></datafield><datafield ind1=" " ind2=" " tag="245"><subfield code="a">3rd international conference on trends in on-line computer control systems. 27-29 march 1979. organised by the control and automation dsivision of the institution of electrical engineers, in association with..</subfield></datafield><datafield ind1=" " ind2=" " tag="260"><subfield code="a">London, Institution Of Electrical Engineers, 1979, Xii + 177p</subfield></datafield><datafield ind1=" " ind2=" " tag="490"><subfield code="a">Iee Conference Publication No.172</subfield></datafield><datafield ind1=" " ind2=" " tag="852"><subfield code="a">49203</subfield></datafield></record></collection>